@book{redstate,
author = {Gelman, Andrew and Park, David K. and Shor, Boris and Cortina, Jeronimo},
title = {Red State, Blue State, Rich State, Poor State: Why Americans Vote the Way They Do, second edition},
year = 2009,
publisher = {Princeton University Press},
}

@Manual{mrp,
  title = {mrp: multilevel regression and poststratification},
  author = {Andrew Gelman and Michael Malecki and Daniel Lee and Yu-Sung Su and Wei Wang},
  year = {2012},
  url = {http://CRAN.R-project.org/package=mrp},
  note = {R package version 0.81-6},
}
@Manual{blme,
  title = {blme: Bayesian Linear Mixed-Effects Models},
  author = {Vincent Dorie},
  year = 2013,
  note = {R package version 1.0-1},
  url = {http://CRAN.R-project.org/package=blme},
}
@Article{waic2010b,
  author =       {Sumio Watanabe},
  title =        {Asymptotic Equivalence of Bayes Cross Validation and Widly Applicable Information Crition in Sigular Learning Theory},
  journal =      {Journal of Machine Learning Research},
  year =         {2010},
  OPTkey =       {},
  OPTvolume =    {},
  OPTnumber =    {},
  OPTpages =     {},
  OPTmonth =     {},
  OPTnote =      {},
  OPTannote =    {}
}

@Article{Vehtari2012a,
  author =       {Aki Vehtari and Janne Ojanen},
  title =        {A survey of Bayesian predictive methods for model assessment, selection and comparison},
  journal =      {Statistics Surveys},
  year =         {2012},
  OPTkey =       {},
  volume =    {6},
  OPTnumber =    {},
  pages =     {142--228},
  OPTmonth =     {},
  OPTnote =      {},
  OPTannote =    {}
}

@Article{,
  author =       {Herbert Robbins},
  title =        {The Empirical Bayes Approach to Statistical Decision Problems},
  journal =      {Teh Annals of Mathematical Statistics},
  year =         {1964},
  OPTkey =       {},
  OPTvolume =    {},
  OPTnumber =    {},
  OPTpages =     {},
  OPTmonth =     {},
  OPTnote =      {},
  OPTannote =    {}
}

@Article{dic2002,
  author =       {David Spiegelhalter and Nicola Best and Bradley Carlin and Angelika van der Linde},
  title =        {Bayesian Measure of Model Complexity and Fit},
  journal =      {J.R.Stati.Soc.B},
  year =         {2002}
}

@book{gelman2007data,
  title={Data Analysis Using Regression and Multilevel/Hierarchical Models},
  author={Gelman, Andrew and Hill, Jennifer},
  year={2007},
  publisher={Cambridge University Press}
}
@Book{PinheiroBates,
  author =    {Jose Pinheiro and Douglas Bates},
  ALTeditor =    {},
  title =        {Mixed-Effects Models in S and S-Plus},
  publisher =    {Springer Verlag},
  year =         {2000},
  OPTkey =       {},
  OPTvolume =    {},
  OPTnumber =    {},
  OPTseries =    {},
  OPTaddress =   {},
  OPTedition =   {},
  OPTmonth =     {},
  OPTnote =      {},
  OPTannote =    {}
}

@Article{McCullochCalib,
  author =       {Robert McCulloch},
  title =        {Local Model Influence},
  journal =      {Journal of American Statistical Association},
  year =         {1989},
  OPTkey =       {},
  OPTvolume =    {},
  OPTnumber =    {},
  OPTpages =     {},
  OPTmonth =     {},
  OPTnote =      {},
  OPTannote =    {}
}

@Article{xval_optim,
  author =       {Matthias W. Seeger},
  title =        {Cross-Validation Optimization for Large Scale Structured Classification Kernel Methods},
  journal =      {Journal of Machine Learning Research},
  year =         {2008},
  OPTkey =       {},
  OPTvolume =    {},
  OPTnumber =    {},
  OPTpages =     {},
  OPTmonth =     {},
  OPTnote =      {},
  OPTannote =    {}
}

@Article{burman_depedent,
  author =       {Prabir Burman, Edmond Chow and Deborah Nolan},
  title =        {A cross-validatory method for dependent data},
  journal =      {Biometrika},
  year =         {},
  OPTkey =       {},
  OPTvolume =    {},
  OPTnumber =    {},
  OPTpages =     {},
  OPTmonth =     {},
  OPTnote =      {},
  OPTannote =    {}
}

@article{ghitza_2013,
  title={Deep interactions with {MRP}: Election turnout and voting patterns among small electoral subgroups},
  author={Yair Ghitza and Andrew Gelman},
  journal={American Journal of Political Science},
  volume=57,
  number=3,
  pages={762--776},
  year=2013,
}

@article{lax_2009,
  title={How should we estimate public opinion in the states?},
  author={Jeffrey R. Lax and Justin H. Phillips},
  journal={American Journal of Political Science},
  volume={53},
  number={1},
  pages={107--121},
  year={2009},
}
@article{wang_2014,
  author =       {Wang, Wei and Rothschild, David and Goel, Sharad and Gelman, Andrew},
  title =        {Forecasting Elections with Non-Representative Polls},
  journal =      {International Journal of Forecasting.},
  year =         {2014},
  pages={Forthcoming},
  OPTkey =       {},
  OPTvolume =    {},
  OPTnumber =    {},
  OPTpages =     {},
  OPTmonth =     {},
  OPTnote =      {},
  OPTannote =    {}
}

@article{buttice_2013,
  title={How does multilevel regression and poststratification perform with conventional national surveys?},
  author={Matthew K. Buttice and Benjamin Highton},
  journal={Political Analysis},
  volume={21},
  number={4},
  pages={449-467},
  year={2013},
}

@article{lax_2013,
  title={How should we estimate sub-national opinion Using {MRP}?
Preliminary findings and recommendations},
  author={Jeffrey R. Lax and Justin H. Phillips},
  journal={Presented at Midwest Political Science Association},
  year={2013},
}
@article{tibshirani1996regression,
  title={Regression Shrinkage and Selection via the Lasso},
  author={Tibshirani, Robert},
  journal={Journal of the Royal Statistical Society. Series B},
  pages={267--288},
  year={1996},
  publisher={JSTOR}
}

@article{craven1978smoothing,
  title={Smoothing Noisy Data with Spline Functions},
  author={Craven, Peter and Wahba, Grace},
  journal={Numerische Mathematik},
  volume={31},
  number={4},
  pages={377--403},
  year={1978},
  publisher={Springer}
}

@article{burman1989comparative,
  title={A comparative study of ordinary cross-validation, v-fold cross-validation and the repeated learning-testing methods},
  author={Burman, Prabir},
  journal={Biometrika},
  volume={76},
  number={3},
  pages={503--514},
  year={1989},
  publisher={Biometrika Trust}
}

@article{burman1994cross,
  title={A cross-validatory method for dependent data},
  author={Burman, Prabir and Chow, Edmond and Nolan, Deborah},
  journal={Biometrika},
  volume={81},
  number={2},
  pages={351--358},
  year={1994},
  publisher={Biometrika Trust}
}

@article{seeger2008cross,
  title={Cross-validation optimization for large scale structured classification kernel methods},
  author={Seeger, Matthias W},
  journal={Journal of Machine Learning Research},
  volume={9},
  pages={1147--1178},
  year={2008},
  publisher={JMLR.org}
}

@article{pan2010survey,
  title={A survey on transfer learning},
  author={Pan, Sinno Jialin and Yang, Qiang},
  journal={ IEEE Transactions on Knowledge and Data Engineering},
  volume={22},
  number={10},
  pages={1345--1359},
  year={2010},
  publisher={IEEE}
}
@article{stone1977asymptotic,
  title={An asymptotic equivalence of choice of model by cross-validation and Akaike's criterion},
  author={Stone, Mervyn},
  journal={Journal of the Royal Statistical Society. Series B (Methodological)},
  pages={44--47},
  year={1977},
  publisher={JSTOR}
}

@article{shao1993linear,
  title={Linear model selection by cross-validation},
  author={Shao, Jun},
  journal={Journal of the American statistical Association},
  volume={88},
  number={422},
  pages={486--494},
  year={1993},
  publisher={Taylor \& Francis Group}
}

@article{arlot2010survey,
  title={A survey of cross-validation procedures for model selection},
  author={Arlot, Sylvain and Celisse, Alain},
  journal={Statistics Surveys},
  volume={4},
  pages={40--79},
  year={2010},
  publisher={The author, under a Creative Commons Attribution License}
}

@inproceedings{kale2011cross,
  title={Cross-Validation and Mean-Square Stability},
  author={Kale, Satyen and Kumar, Ravi and Vassilvitskii, Sergei},
  booktitle={Innovations in Computer Science,},
  pages={487--495},
  year={2011},
  publisher={Tsinghua University Press}
}

@article{FayHerriot:1979,
  author = {Fay, R. E. and Herriot, R. A.},
  title = {Estimates of income for small places: an application of James-Stein
	procedures to census data},
  journal = {Journal of the American Statistical Association},
  year = {1979},
  volume = {74},
  pages = {269--277}
}

@inproceedings{Mandelbrot:1955,
  author = {Mandelbrot, B.},
  title = {On the language of taxonomy:  An outline of a ``thermostatistical'' theory of systems of categories with Willis (natural) structure},
  booktitle = {Information Theory---Third London Symposium},
editor={Colin Cherry},
  year = {1955},
  pages = {135--145}
}

@article{PriceGelmanNero1996,
  author = {Phillip N. Price and Anthony V. Nero and Andrew Gelman},
  title = {Bayesian prediction of mean indoor radon concentrations for Minnesota counties},
  journal = {Health Physics},
  year = {1996},
  volume = {71},
  pages = {922--936}
}
@Manual{lme4,
    title = {lme4: Linear mixed-effects models using S4 classes},
    author = {Douglas Bates and Martin Maechler and Ben Bolker},
    year = {2013},
    note = {R package version 0.999999-2},
    url = {http://CRAN.R-project.org/package=lme4},
  }

@book{ruppert2003semiparametric,
  title={Semiparametric regression},
  author={Ruppert, David and Wand, Matt P and Carroll, Raymond J},
  number={12},
  year={2003},
  publisher={Cambridge University Press}
}

@book{hjort2010bayesian,
  title={Bayesian nonparametrics},
  author={Hjort, Nils Lid},
  number={28},
  year={2010},
  publisher={Cambridge University Press}
}

@article{chung2013nondegenerate,
  title={A nondegenerate penalized likelihood estimator for variance parameters in multilevel models},
  author={Chung, Yeojin and Rabe-Hesketh, Sophia and Dorie, Vincent and Gelman, Andrew and Liu, Jingchen},
  journal={Psychometrika},
  volume={78},
  number={4},
  pages={685--709},
  year={2013},
  publisher={Springer}
}

@article{wang2014difficulty,
  title={Difficulty of selecting among multilevel models using predictive accuracy},
  author={Wang, Wei and Gelman, Andrew},
  journal={Statistics and Its Interface},
  volume={7},
  pages={1--8},
  year={2014}
}

@book{groves2004survey,
  title={Survey errors and survey costs},
  author={Groves, Robert M},
  volume={536},
  year={2004},
  publisher={John Wiley \& Sons}
}