@article{imbens1997bayesian,
  title={Bayesian inference for causal effects in randomized experiments with noncompliance},
  author={Imbens, Guido W and Rubin, Donald B},
  journal={The Annals of Statistics},
  pages={305--327},
  year={1997},
  publisher={JSTOR}
}
@article{sobel2014meta,
  title={Meta-Analysis: a causal framework, with application to randomized studies of Vioxx.},
  author={Sobel, Michael and Madigan, David and Wang, Wei},
  journal={submitted},
  year=2014}

@book{bernardo1994bayesian,
  title={Bayesian Theory},
  author={Bernardo, Jose M and Smith, Adrian FM},
  volume={},
  year={1994},
  publisher={New York: Wiley}
}
@inproceedings{yu2005learning,
  title={Learning Gaussian processes from multiple tasks},
  author={Yu, Kai and Tresp, Volker and Schwaighofer, Anton},
  booktitle={Proceedings of the 22nd International Conference on Machine learning},
  pages={1012--1019},
  year=2005,
  organization={ACM}
}
@book{williams2006gaussian,
  title={Gaussian processes for machine learning},
  author={Williams, CKI and Rasmussen, CE},
  year=2006,
  publisher={Cambridge: MIT Press}
}

@article{ikemoto2009generalizing,
  title={Generalizing motion edits with gaussian processes},
  author={Ikemoto, Leslie and Arikan, Okan and Forsyth, David},
  journal={ACM Transactions on Graphics},
  volume={28},
  number={1},
  pages={1},
  year={2009},
  publisher={ACM}
}

@inproceedings{williams2009multi,
  title={Multi-task gaussian process learning of robot inverse dynamics},
  author={Williams, Christopher and Klanke, Stefan and Vijayakumar, Sethu and Chai, Kian M},
  booktitle={Advances in Neural Information Processing Systems},
  pages={265--272},
  year={2009}
}

@article{rosenbaum1983central,
  title={The central role of the propensity score in observational studies for causal effects},
  author={Rosenbaum, Paul R and Rubin, Donald B},
  journal={Biometrika},
  volume={70},
  number={1},
  pages={41--55},
  year={1983},
  publisher={Biometrika Trust}
}

@article{raudenbush2009analyzing,
  title={Analyzing effect sizes: Random-effects models},
  author={Raudenbush, Stephen W},
  journal={The handbook of research synthesis and meta-analysis},
  volume={2},
  pages={295--316},
  year={2009},
  publisher={Russell Sage Foundation New York, NY}
}

@article{neyman1923on,
  title={On the application of probability theory to agricultural experiments. Essay on principles. Section 9},
  author={Neyman, Jerzy},
  translator={Dabrowska, DM and Speed, TP}, 
  journal={Roczniki Nauk Rolniczych Tom X [in Polish]},
  volume={},
  number={},
  pages={},
  year={1923},
  note={translated in \emph{Statistical Science}, 5, 465-480}
}
@article{rubin1977assignment,
  title={Assignment to Treatment Group on the Basis of a Covariate},
  author={Rubin, Donald B},
  journal={Journal of Educational and Behavioral statistics},
  volume={2},
  number={1},
  pages={1--26},
  year={1977},
  publisher={Sage Publications}
}
@book{rosenbaum2002observational,
  title={Observational studies},
  author={Rosenbaum, Paul R},
  year={2002},
  publisher={New York: Springer}
}
@article{smith1995bayesian,
  title={Bayesian approaches to random-effects meta-analysis: A comparative study},
  author={Smith, Teresa C and Spiegelhalter, David J and Thomas, Andrew},
  journal={Statistics in Medicine},
  volume={14},
  number={24},
  pages={2685--2699},
  year={1995},
  publisher={Wiley Online Library}
}
@article{higgins2009re,
  title={A re-evaluation of random-effects meta-analysis},
  author={Higgins, Julian and Thompson, Simon G and Spiegelhalter, David J},
  journal={Journal of the Royal Statistical Society: Series A},
  volume={172},
  number={1},
  pages={137--159},
  year={2009},
  publisher={Wiley Online Library}
}
@article{dersimonian1986meta,
  title={Meta-analysis in Clinical Trials},
  author={DerSimonian, Rebecca and Laird, Nan},
  journal={Controlled Clinical Trials},
  volume={7},
  number={3},
  pages={177--188},
  year={1986},
  publisher={Elsevier}
}

@book{gelman2003bayesian,
  title={Bayesian data analysis},
  author={Gelman, Andrew and Carlin, John B and Stern, Hal S and Rubin, Donald B},
  year=2003,
  publisher={London: CRC press}
}

@article{li2011causal,
  title={Causal Assessment of Surrogacy in a Meta-analysis of Colorectal Cancer Trials},
  author={Li, Yun and Taylor, Jeremy MG and Elliott, Michael R and Sargent, Daniel J},
  journal={Biostatistics},
  volume=12,
  number=3,
  pages={478--492},
  year=2011,
  publisher={Biometrika Trust}
}
@book{cressie1993statistics,
  title={Statistics for spatial data},
  author={Cressie, Noel},
  year=1993,
  publisher={New York: Wiley}
}
@book{wahba1990spline,
  title={Spline models for observational data},
  author={Wahba, Grace},
  number={59},
  year={1990},
  publisher={Siam}
}
@article{williams1998computation,
  title={Computation with infinite neural networks},
  author={Williams, Christopher KI},
  journal={Neural Computation},
  volume={10},
  number={5},
  pages={1203--1216},
  year={1998},
  publisher={MIT Press}
}
@inproceedings{schwaighofer2004learning,
  title={Learning gaussian process kernels via hierarchical bayes},
  author={Schwaighofer, Anton and Tresp, Volker and Yu, Kai},
  booktitle={Advances in Neural Information Processing Systems},
  pages={1209--1216},
  year={2004}
}
@article{imbens2004nonparametric,
  title={Nonparametric estimation of average treatment effects under exogeneity: A review},
  author={Imbens, Guido W},
  journal={Review of Economics and statistics},
  volume={86},
  number={1},
  pages={4--29},
  year={2004},
  publisher={MIT Press}
}
@article{rosenbaum1983assessing,
  title={Assessing sensitivity to an unobserved binary covariate in an observational study with binary outcome},
  author={Rosenbaum, Paul R and Rubin, Donald B},
  journal={Journal of the Royal Statistical Society. Series B (Methodological)},
  pages={212--218},
  year={1983},
  publisher={JSTOR}
}
@article{hjort2010bayesian,
  title={Bayesian nonparametrics},
  author={Hjort, Nils Lid and Holmes, CC and M{\"u}ller, Peter and Walker, Stephen G},
  journal={AMC},
  volume={10},
  pages={12},
  year={2010}
}
@article{rubin1978bayesian,
  title={Bayesian inference for causal effects: The role of randomization},
  author={Rubin, Donald B},
  journal={The Annals of Statistics},
  pages={34--58},
  year={1978},
  publisher={JSTOR}
}

@article{higgins2001meta,
  title={Meta-analysis of Continuous Outcome Data from Individual Patients},
  author={Higgins, Julian and Whitehead, Anne and Turner, Rebecca M and Omar, Rumana Z and Thompson, Simon G},
  journal={Statistics in Medicine},
  volume={20},
  number={15},
  pages={2219--2241},
  year={2001},
  publisher={Wiley Online Library}
}


@article{tudorsmith2005investigating,
  title={Investigating heterogeneity in an individual patient data meta-analysis of time to event outcomes},
  author={Tudur Smith, Catrin and Williamson, Paula R and Marson, Anthony G},
  journal={Statistics in medicine},
  volume={24},
  number={9},
  pages={1307--1319},
  year={2005},
  publisher={Wiley Online Library}
}

@article{archambeau2007gaussian,
  title={Gaussian Process Approximations of Stochastic Differential Equation},
  author={Archambeau, Cedric and Cornford, Dan and Opper, Manfred and Shawe-Taylor, John},
  journal={Journal of machine learning research},
  volume={11},
  pages={1--16},
  year={2007}
}

@article{banerjee2008gaussian,
  title={Gaussian predictive process models for large spatial data sets},
  author={Banerjee, Sudipto and Gelfand, Alan E and Finley, Andrew O and Sang, Huiyan},
  journal={Journal of the Royal Statistical Society: Series B (Statistical Methodology)},
  volume={70},
  number={4},
  pages={825--848},
  year={2008},
  publisher={Wiley Online Library}
}