@article{imbens1997bayesian,
  title={Bayesian inference for causal effects in randomized experiments with noncompliance},
  author={Imbens, Guido W and Rubin, Donald B},
  journal={The Annals of Statistics},
  pages={305--327},
  year={1997},
  publisher={JSTOR}
}
@article{sobel2013,
  title={Meta-Analysis: a causal framework, with application to randomized studies of Vioxx.},
  author={Sobel, Michael E and Madigan, David B and Wang, Wei},
  journal={submitted},
  year=2013}

@book{bernardo1994bayesian,
  title={Bayesian Theory},
  author={Bernardo, Jose M and Smith, Adrian FM},
  volume={},
  year={1994},
  publisher={New York: Wiley}
}
@inproceedings{yu2005learning,
  title={Learning Gaussian processes from multiple tasks},
  author={Yu, Kai and Tresp, Volker and Schwaighofer, Anton},
  booktitle={Proceedings of the 22nd International Conference on Machine learning},
  pages={1012--1019},
  year=2005,
  organization={ACM}
}
@book{williams2006gaussian,
  title={Gaussian processes for machine learning},
  author={Williams, CKI and Rasmussen, CE},
  year=2006,
  publisher={Cambridge: MIT Press}
}

@article{rosenbaum1983central,
  title={The central role of the propensity score in observational studies for causal effects},
  author={Rosenbaum, Paul R and Rubin, Donald B},
  journal={Biometrika},
  volume={70},
  number={1},
  pages={41--55},
  year={1983},
  publisher={Biometrika Trust}
}
@article{neyman1923on,
  title={On the application of probability theory to agricultural experiments. Essay on principles. Section 9},
  author={Neyman, Jerzy},
  translator={Dabrowska, DM and Speed, TP}, 
  journal={Roczniki Nauk Rolniczych Tom X [in Polish]},
  volume={},
  number={},
  pages={},
  year={1923},
  note={translated in \emph{Statistical Science}, 5, 465-480}
}
@article{rubin1977assignment,
  title={Assignment to Treatment Group on the Basis of a Covariate},
  author={Rubin, Donald B},
  journal={Journal of Educational and Behavioral statistics},
  volume={2},
  number={1},
  pages={1--26},
  year={1977},
  publisher={Sage Publications}
}
@book{rosenbaum2002observational,
  title={Observational studies},
  author={Rosenbaum, Paul R},
  year={2002},
  publisher={New York: Springer}
}
@article{smith1995bayesian,
  title={Bayesian approaches to random-effects meta-analysis: A comparative study},
  author={Smith, Teresa C and Spiegelhalter, David J and Thomas, Andrew},
  journal={Statistics in Medicine},
  volume={14},
  number={24},
  pages={2685--2699},
  year={1995},
  publisher={Wiley Online Library}
}
@article{higgins2009re,
  title={A re-evaluation of random-effects meta-analysis},
  author={Higgins, Julian and Thompson, Simon G and Spiegelhalter, David J},
  journal={Journal of the Royal Statistical Society: Series A},
  volume={172},
  number={1},
  pages={137--159},
  year={2009},
  publisher={Wiley Online Library}
}
@article{dersimonian1986meta,
  title={Meta-analysis in Clinical Trials},
  author={DerSimonian, Rebecca and Laird, Nan},
  journal={Controlled Clinical Trials},
  volume={7},
  number={3},
  pages={177--188},
  year={1986},
  publisher={Elsevier}
}

@book{gelman2003bayesian,
  title={Bayesian data analysis},
  author={Gelman, Andrew and Carlin, John B and Stern, Hal S and Rubin, Donald B},
  year=2003,
  publisher={London: CRC press}
}

@article{li2011causal,
  title={Causal Assessment of Surrogacy in a Meta-analysis of Colorectal Cancer Trials},
  author={Li, Yun and Taylor, Jeremy MG and Elliott, Michael R and Sargent, Daniel J},
  journal={Biostatistics},
  volume=12,
  number=3,
  pages={478--492},
  year=2011,
  publisher={Biometrika Trust}
}
@book{cressie1993statistics,
  title={Statistics for spatial data},
  author={Cressie, Noel},
  year=1993,
  publisher={New York: Wiley}
}
@book{wahba1990spline,
  title={Spline models for observational data},
  author={Wahba, Grace},
  number={59},
  year={1990},
  publisher={Siam}
}
@article{williams1998computation,
  title={Computation with infinite neural networks},
  author={Williams, Christopher KI},
  journal={Neural Computation},
  volume={10},
  number={5},
  pages={1203--1216},
  year={1998},
  publisher={MIT Press}
}
@inproceedings{schwaighofer2004learning,
  title={Learning gaussian process kernels via hierarchical bayes},
  author={Schwaighofer, Anton and Tresp, Volker and Yu, Kai},
  booktitle={Advances in Neural Information Processing Systems},
  pages={1209--1216},
  year={2004}
}
@article{imbens2004nonparametric,
  title={Nonparametric estimation of average treatment effects under exogeneity: A review},
  author={Imbens, Guido W},
  journal={Review of Economics and statistics},
  volume={86},
  number={1},
  pages={4--29},
  year={2004},
  publisher={MIT Press}
}
@article{rosenbaum1983assessing,
  title={Assessing sensitivity to an unobserved binary covariate in an observational study with binary outcome},
  author={Rosenbaum, Paul R and Rubin, Donald B},
  journal={Journal of the Royal Statistical Society. Series B (Methodological)},
  pages={212--218},
  year={1983},
  publisher={JSTOR}
}