@webpage{pollster2004,
	Date-Added = {2014-05-09 21:47:11 +0000},
	Date-Modified = {2014-05-09 21:49:14 +0000},
	Lastchecked = {9 May 2014},
	Month = {October},
	Title = {Should pollsters weight by party identification?},
	Url = {http://www.pollster.com/faq/should_pollsters_weight_by_par.php},
	Key = {Pollster},
	Year = {2004}}

@article{reilly2001,
	Author = {Cavan Reilly, Andrew Gelman and Jonathan N. Katz},
	Date-Added = {2014-05-09 21:45:14 +0000},
	Date-Modified = {2014-05-09 21:46:22 +0000},
	Journal = {Journal of the American Statistical Association},
	Pages = {1--11},
	Title = {Post-stratification without population level information on the post-stratifying variable, with application to political polling},
	Volume = {96},
	Year = {2001}}

@article{gelman1993,
	Author = {Andrew Gelman and Gary King},
	Date-Added = {2014-05-09 21:43:51 +0000},
	Date-Modified = {2014-05-09 21:45:12 +0000},
	Journal = {British Journal of Political Science},
	Pages = {409--451},
	Title = {Why are American Presidential election campaign polls so variable when votes are so predictable?},
	Volume = {23},
	Year = {1993}}

@article{yeager2011,
	Author = {David S. Yeager and Jon A. Krosnick and Linchiat Chang and Harold S. Javitz and Matthew S. Levendusky and Alberto Simpser and Rui Wang},
	Date-Added = {2014-05-09 21:02:18 +0000},
	Date-Modified = {2014-05-09 21:04:12 +0000},
	Journal = {Public Opinion Quarterly},
	Number = {4},
	Pages = {709--747},
	Title = {Comparing the accuracy of RDD telephone surveys and internet surveys conducted with probability and non-probability samples},
	Volume = {75},
	Year = {2011}}

@inbook{holbrook2007causes,
	Author = {Holbrook, Allyson and Krosnick, Jon A and Pfent, Alison and others},
	Date-Modified = {2014-05-09 20:59:49 +0000},
	Journal = {Advances in telephone survey methodology},
	Pages = {499--528},
	Publisher = {Wiley},
	Title = {The causes and consequences of response rates in surveys by the news media and government contractor survey research firms},
	Year = {2007}}

@article{steeh2001they,
	Author = {Steeh, Charlotte and Kirgis, Nicole and Cannon, Brian and DeWitt, Jeff},
	Date-Modified = {2014-05-09 20:56:00 +0000},
	Journal = {Journal of Official Statistics},
	Number = {2},
	Pages = {227--248},
	Title = {Are they really as bad as they seem? Nonresponse rates at the end of the twentieth century},
	Volume = {17},
	Year = {2001}}

@book{national2013Nonresponse,
	Author = {National Research Council},
	Detail = {Panel on a Research Agenda for the Future of Social Science Data Collection; Committee on National Statistics; Division on Behavioral and Social Sciences and Education; National Research Council},
	Isbn = {9780309272476},
	Publisher = {The National Academies Press},
	Title = {Nonresponse in Social Science Surveys: A Research Agenda},
	Url = {http://www.nap.edu/openbook.php?record_id=18293},
	Year = {2013},
	Bdsk-Url-1 = {http://www.nap.edu/openbook.php?record_id=18293}}

@article{lax_2009,
	Author = {Lax, Jeffrey R and Phillips, Justin H},
	Journal = {American Journal of Political Science},
	Number = {1},
	Pages = {107--121},
	Publisher = {Wiley Online Library},
	Title = {How should we estimate public opinion in the states?},
	Volume = {53},
	Year = {2009}}

@article{lindner2001handling,
	Author = {Lindner, James R and Murphy, Tim H and Briers, Gary E},
	Journal = {Journal of Agricultural Education},
	Number = {4},
	Pages = {43--53},
	Publisher = {AMERICAN ASSOCIATION OF TEACHER EDUCATORS IN},
	Title = {Handling nonresponse in social science research},
	Volume = {42},
	Year = {2001}}

@article{lock_2010,
	Author = {Lock, Kari and Gelman, Andrew},
	Journal = {Political Analysis},
	Number = {3},
	Pages = {337--348},
	Publisher = {SPM-PMSAPSA},
	Title = {Bayesian combination of state polls and election forecasts},
	Volume = {18},
	Year = {2010}}

@article{ghitza_2013,
	Author = {Yair Ghitza and Andrew Gelman},
	Journal = {American Journal of Political Science},
	Number = 3,
	Pages = {762--776},
	Title = {Deep interactions with MRP: Election turnout and voting patterns among small electoral subgroups},
	Volume = 57,
	Year = 2013}

@book{gelman2007data,
	Author = {Andrew Gelman and Jennifer Hill},
	Publisher = {Cambridge University Press},
	Title = {Data analysis using regression and multilevel/hierarchical models},
	Year = {2007}}

@article{erikson2008political,
	Author = {Erikson, Robert S and Wlezien, Christopher},
	Journal = {Public Opinion Quarterly},
	Number = {2},
	Pages = {190--215},
	Publisher = {AAPOR},
	Title = {Are political markets really superior to polls as election predictors?},
	Volume = {72},
	Year = {2008}}

@misc{rothschild2013combining,
	Author = {David Rothschild},
	Note = {Working paper},
	Title = {Combining Forecasts: Accurate, Relevant, and Timely},
	Year = {2013}}

@techreport{wolfers2004prediction,
	Author = {Wolfers, Justin and Zitzewitz, Eric},
	Institution = {National Bureau of Economic Research},
	Title = {Prediction markets},
	Year = {2004}}

@article{jackman2005pooling,
	Author = {Jackman, Simon},
	Journal = {Australian Journal of Political Science},
	Number = {4},
	Pages = {499--517},
	Publisher = {Taylor \& Francis},
	Title = {Pooling the polls over an election campaign},
	Volume = {40},
	Year = {2005}}

@article{pickup2008campaign,
	Author = {Pickup, Mark and Johnston, Richard},
	Journal = {International Journal of Forecasting},
	Number = {2},
	Pages = {272--284},
	Publisher = {Elsevier},
	Title = {Campaign trial heats as election forecasts: Measurement error and bias in 2004 presidential campaign polls},
	Volume = {24},
	Year = {2008}}

@article{squire19881936,
	Author = {Squire, Peverill},
	Journal = {Public Opinion Quarterly},
	Number = {1},
	Pages = {125--133},
	Publisher = {AAPOR},
	Title = {Why the 1936 Literary Digest poll failed},
	Volume = {52},
	Year = {1988}}

@article{gosnell1937technical,
	Author = {Gosnell, Harold F},
	Date-Modified = {2014-05-09 21:01:16 +0000},
	Journal = {Public Opinion Quarterly},
	Number = {1},
	Pages = {97--105},
	Publisher = {AAPOR},
	Title = {How accurate were the polls?},
	Volume = {1},
	Year = {1937}}

@article{keeter2006gauging,
	Author = {Keeter, Scott and Kennedy, Courtney and Dimock, Michael and Best, Jonathan and Craighill, Peyton},
	Journal = {Public Opinion Quarterly},
	Number = {5},
	Pages = {759--779},
	Publisher = {AAPOR},
	Title = {Gauging the impact of growing nonresponse on estimates from a national RDD telephone survey},
	Volume = {70},
	Year = {2006}}

@article{kohut2012assessing,
	Author = {Kohut, Andrew and Keeter, Scott and Doherty, Carroll and Dimock, Michael and Christian, Leah},
	Date-Modified = {2014-05-09 20:55:27 +0000},
	Journal = {Pew Research Center for The People \& The Press},
	Number = {May},
	Pages = {2012},
	Title = {Assessing the representativeness of public opinion surveys},
	Volume = {15},
	Year = {2012}}

@article{rothschild2009forecasting,
	Author = {Rothschild, David},
	Journal = {Public Opinion Quarterly},
	Number = {5},
	Pages = {895--916},
	Publisher = {AAPOR},
	Title = {Forecasting Elections Comparing Prediction Markets, Polls, and Their Biases},
	Volume = {73},
	Year = {2009}}

@article{park2004bayesian,
	Author = {Park, David K and Gelman, Andrew and Bafumi, Joseph},
	Journal = {Political Analysis},
	Number = {4},
	Pages = {375--385},
	Publisher = {SPM-PMSAPSA},
	Title = {Bayesian multilevel estimation with poststratification: state-level estimates from national polls},
	Volume = {12},
	Year = {2004}}

@article{little1993post,
	Author = {Little, Roderick JA},
	Journal = {Journal of the American Statistical Association},
	Number = {423},
	Pages = {1001--1012},
	Publisher = {Taylor \& Francis Group},
	Title = {Post-stratification: A modeler's perspective},
	Volume = {88},
	Year = {1993}}

@manual{bates2013lme4,
	Author = {Douglas Bates and Martin Maechler and Ben Bolker},
	Note = {R package version 0.999999-2},
	Title = {lme4: Linear mixed-effects models using S4 classes},
	Url = {http://CRAN.R-project.org/package=lme4},
	Year = {2013},
	Bdsk-Url-1 = {http://CRAN.R-project.org/package=lme4}}

@book{campbell2008american,
	Author = {Campbell, James E},
	Publisher = {Texas A\&M University Press},
	Title = {The American campaign: US presidential campaigns and the national vote},
	Volume = {6},
	Year = {2008}}

@manual{nlme,
	Author = {Jose Pinheiro and Douglas Bates and Saikat DebRoy and Deepayan Sarkar and {R Core Team}},
	Note = {R package version 3.1-104},
	Title = {nlme: Linear and Nonlinear Mixed Effects Models},
	Year = {2012}}

@book{hillygus2009persuadable,
	Author = {Hillygus, D Sunshine and Shields, Todd G},
	Publisher = {Princeton University Press},
	Title = {The persuadable voter: Wedge issues in presidential campaigns},
	Year = {2009}}

@article{kaufmann1999changing,
	Author = {Kaufmann, Karen M and Petrocik, John R},
	Date-Modified = {2014-05-09 20:57:43 +0000},
	Journal = {American Journal of Political Science},
	Number = {3},
	Pages = {864--887},
	Publisher = {JSTOR},
	Title = {The changing politics of American men: Understanding the sources of the gender gap},
	Volume = {43},
	Year = {1999}}

@article{chen2008modeling,
	Author = {Chen, M Keith and Ingersoll, Jonathan E and Kaplan, Edward H},
	Journal = {Management Science},
	Number = {8},
	Pages = {1381--1394},
	Publisher = {INFORMS},
	Title = {Modeling a presidential prediction market},
	Volume = {54},
	Year = {2008}}
  
@article{wang2014forecasting,
  title={Forecasting elections with non-representative polls},
  author={Wang, Wei and Rothschild, David and Goel, Sharad and Gelman, Andrew},
  journal={International Journal of Forecasting},
  year={2014},
  publisher={Elsevier}
}